% This file was created with JabRef 2.7b.
% Encoding: UTF8

@BOOK{Bollobas1985,
  title = {Random Graphs},
  publisher = {Academic Press, London},
  year = {1985},
  author = {Béla Bollobás},
  owner = {tomasz},
  timestamp = {2014.09.07}
}

@MASTERSTHESIS{Bonnet2006,
  author = {Francois Bonnet},
  title = {Performance Analysis of CYCLON, an Inexpensive Membership Management
	for Unstructured P2P Overlays},
  school = {ENS Cachan Bretagne, University of Rennes, IRISA},
  year = {2006},
  owner = {tomasz},
  timestamp = {2014.09.07}
}

@TECHREPORT{RFC3626,
  author = {Thomas Clausen and Philippe Jacquet},
  title = {Optimized Link State Routing Protocol (OLSR)},
  institution = {RFC Editor},
  year = {2003},
  type = {RFC},
  number = {3626},
  month = {October},
  owner = {tomasz},
  timestamp = {2014.08.03},
  url = {http://www.rfc-editor.org/rfc/rfc3626.txt}
}

@TECHREPORT{Guenes+:2008TR,
  author = {Mesut G\"une\c{s} and Bastian Blywis and Felix Juraschek and Philipp
	Schmidt},
  title = {Concept and Design of the Hybrid Distributed Embedded Systems Testbed},
  institution = {Freie Universit\"at Berlin},
  year = {2008},
  number = {TR-B-08-10},
  owner = {jurasch},
  timestamp = {2008.07.16}
}

@TECHREPORT{John+:InetTraffic,
  author = {Wolfgang John and Sven Trafvelin},
  title = {Heuristics to Classify Internet Backbone Traffic based on Connection
	Patterns},
  institution = {ICOIN '08: Proceedings of the 22nd international Conference on Information
	Networking, Busan, Korea},
  year = {2008},
  owner = {tomasz},
  timestamp = {2014.03.30}
}

@TECHREPORT{Montresor2009,
  author = {Alberto Montresor and Mark Jelasity},
  title = {PeerSim: A scalable P2P simulator},
  institution = {P2P'09: Proceedings of the 9th International Conference on Peer-to-Peer,
	pages 99–100, Seattle, WA},
  year = {2009},
  owner = {tomasz},
  timestamp = {2014.09.07}
}

@TECHREPORT{ThomasClausen2004,
  author = {Thomas Clausen, Philippe Jacquet, C. Adjih, A. Laouiti, P. Minet,
	P. Muhlethaler, A. Qayyum, L. Viennot},
  title = {The Optimised Routing Protocol for Mobile Ad-hoc
	
	Networks: protocol specification},
  institution = {INRIA - INSTITUT NATIONAL DE RECHERCHE EN INFORMATIQUE ET EN AUTOMATIQUE},
  year = {2004},
  month = {March},
  owner = {tomasz},
  timestamp = {2014.08.14},
  url = {http://hal.inria.fr/docs/00/47/17/12/PDF/5145.pdf}
}

@MASTERSTHESIS{Tonnesen2004,
  author = {Andreas T{\o}nnesen},
  title = {Implementing and extending the Optimized Link State Routing Protocol},
  school = {University of Oslo},
  year = {2004},
  month = {August},
  owner = {tomasz},
  timestamp = {2014.08.03},
  url = {http://www.olsr.org/docs/report.pdf}
}

@BOOK{Wehrle2005,
  title = {Peer-to-Peer Systems and Applications},
  publisher = {Springer},
  year = {2005},
  author = {Klaus Wehrle and Ralf Steinmetz},
  owner = {tomasz},
  timestamp = {2014.09.07}
}

@OTHER{bittorrent,
  owner = {tomasz},
  timestamp = {2014.03.30},
  url = {http://www.bittorrent.com/intl/de/company/ybout/ces_2012_150m_users}
}

